% Lindsay's dissertation
@phdthesis{goodwin2018_dissertation,
	title={Radar and satellite characterization of the ionosphere under strong electric field conditions},
	author={Goodwin, Lindsay V and others},
	year={2018},
	school={University of Saskatchewan}
}
